DateTime,Device,Till,Safe,TillInOut,Amount,Balance,Difference,Status
27/09/2024 15:21,Discount Test Device,Till 1,Lekki 1,In,3500.00,10543500.00,0,Approved
27/09/2024 15:16,Discount Test Device,Till 1,Lekki 1,In,3500.00,10540000.00,0,Approved
24/09/2024 11:04,Discount Test Device,Till 1,Lekki 1,In,4000.00,10536500.00,0,Approved
17/09/2024 14:54,Discount Test Device,Till 1,Lekki 1,In,13000.00,10532500.00,0,Approved
17/09/2024 14:53,Discount Test Device,Till 1,Lekki 1,In,2000.00,10519500.00,0,Approved
17/09/2024 14:51,Discount Test Device,Till 1,Lekki 1,In,4000.00,10517500.00,0,Approved
17/09/2024 11:32,Discount Test Device,Till 1,Lekki 1,In,3500.00,10513500.00,0,Approved
15/09/2024 12:36,Touchmate 3g Xplorer,Till 1,Lekki 1,In,5000.00,10510000.00,0,Approved
13/09/2024 10:28,Touchmate 3g Xplorer,Till 1,Lekki 1,In,500.00,10505000.00,0,Approved
12/09/2024 13:10,Touchmate 3g Xplorer,Till 1,Lekki 1,In,15000.00,10504500.00,0,Approved
12/09/2024 10:59,Touchmate 3g Xplorer,Till 1,Lekki 1,In,13500.00,10489500.00,0,Approved
12/09/2024 09:31,Touchmate 3g Xplorer,Till 1,Lekki 1,In,10000.00,10476000.00,0,Approved
12/09/2024 06:24,Hso 78,Till 1,Lekki 1,In,200.00,10466000.00,0,Approved
12/09/2024 05:24,Hso 78,Till 1,Lekki 1,In,10500.00,10465800.00,0,Approved
11/09/2024 15:18,Discount Test Device,Till 1,Lekki 1,In,3500.00,10455300.00,0,Approved
11/09/2024 13:52,Discount Test Device,Till 1,Lekki 1,In,3500.00,10451800.00,0,Approved
11/09/2024 13:47,Discount Test Device,Till 1,Lekki 1,In,3500.00,10448300.00,0,Approved
11/09/2024 12:15,Discount Test Device,Till 1,Lekki 1,In,3500.00,10444800.00,0,Approved
11/09/2024 10:26,Hso 78,Till 1,Lekki 1,In,500.00,10441300.00,0,Approved
11/09/2024 10:20,Hso 78,Till 1,Lekki 1,In,600.00,10440800.00,0,Approved
11/09/2024 09:02,Hso 78,Till 1,Lekki 1,In,800.00,10440200.00,0,Approved
11/09/2024 05:17,Touchmate 3g Xplorer,Till 1,Lekki 1,In,7500.00,10439400.00,0,Approved
10/09/2024 13:22,Discount Test Device,Till 1,Lekki 1,In,600.00,10429000.00,0,Approved
10/09/2024 13:22,Discount Test Device,Till 1,Lekki 1,In,2900.00,10431900.00,0,Approved
10/09/2024 13:21,Discount Test Device,Till 1,Lekki 1,In,600.00,10425500.00,0,Approved
10/09/2024 13:21,Discount Test Device,Till 1,Lekki 1,In,2900.00,10428400.00,0,Approved
10/09/2024 13:14,Discount Test Device,Till 1,Lekki 1,In,3500.00,10424900.00,0,Approved
30/08/2024 05:04,Hso 78,Till 1,Lekki 1,In,200.00,10421400.00,0,Approved
30/08/2024 05:01,Hso 78,Till 1,Lekki 1,In,200.00,10421200.00,0,Approved
31/07/2024 13:06,Discount Test Device,Till 1,Lekki 1,In,12500.00,10421000.00,0,Approved
30/07/2024 15:13,Discount Test Device,Till 1,Lekki 1,In,3500.00,10408500.00,0,Approved
29/07/2024 10:45,Discount Test Device,Till 1,Lekki 1,In,22500.00,10405000.00,0,Approved
29/07/2024 10:45,Discount Test Device,Till 1,Lekki 1,In,8000.00,10382500.00,0,Approved
29/07/2024 10:45,Discount Test Device,Till 1,Lekki 1,In,4500.00,10374500.00,0,Approved
26/07/2024 10:38,Discount Test Device,Till 1,Lekki 1,In,8500.00,10370000.00,0,Approved
26/07/2024 10:33,Discount Test Device,Till 1,Lekki 1,In,4000.00,10361500.00,0,Approved
26/07/2024 08:00,POS Pocket Device,Till 1,Lekki 1,In,42000.00,10357500.00,0,Approved
26/07/2024 08:00,POS Pocket Device,Till 1,Lekki 1,In,42000.00,10315500.00,0,Approved
25/07/2024 15:32,POS Pocket Device,Till 1,Lekki 1,In,42000.00,10273500.00,0,Approved
25/07/2024 14:55,Discount Test Device,Till 1,Lekki 1,In,100.00,10227600.00,0,Approved
25/07/2024 14:55,Discount Test Device,Till 1,Lekki 1,In,3900.00,10231500.00,0,Approved
25/07/2024 14:27,Discount Test Device,Till 1,Lekki 1,In,4000.00,10227500.00,0,Approved
25/07/2024 14:09,Discount Test Device,Till 1,Lekki 1,In,4000.00,10223500.00,0,Approved
25/07/2024 09:03,POS Pocket Device,Till 1,Lekki 1,In,42000.00,10219500.00,0,Approved
25/07/2024 09:02,POS Pocket Device,Till 1,Lekki 1,In,82500.00,10177500.00,0,Approved
24/07/2024 08:39,Discount Test Device,Till 1,Lekki 1,In,165000.00,10095000.00,0,Approved
24/07/2024 08:14,Discount Test Device,Till 1,Lekki 1,In,82500.00,9930000.00,0,Approved
20/07/2024 14:52,Discount Test Device,Till 1,Lekki 1,In,10000.00,9847500.00,0,Approved
20/07/2024 14:52,Discount Test Device,Till 1,Lekki 1,In,139500.00,9837500.00,0,Approved
20/07/2024 14:52,Discount Test Device,Till 1,Lekki 1,In,139500.00,9698000.00,0,Approved
20/07/2024 14:52,Discount Test Device,Till 1,Lekki 1,In,52000.00,9558500.00,0,Approved
20/07/2024 13:52,Discount Test Device,Till 1,Lekki 1,In,10000.00,9506500.00,0,Approved
20/07/2024 13:19,Discount Test Device,Till 1,Lekki 1,In,42000.00,9496500.00,0,Approved
02/07/2024 09:27,Hso 78,Till 1,Lekki 1,In,42000.00,9454500.00,0,Approved
02/07/2024 09:24,Hso 78,Till 1,Lekki 1,In,42000.00,9412500.00,0,Approved
02/07/2024 09:24,Hso 78,Till 1,Lekki 1,In,42000.00,9370500.00,0,Approved
27/06/2024 15:44,Hso 78,Till 1,Lekki 1,In,42000.00,9328500.00,0,Approved
27/06/2024 15:44,Hso 78,Till 1,Lekki 1,In,42000.00,9286500.00,0,Approved
27/06/2024 15:42,Hso 78,Till 1,Lekki 1,In,84000.00,9244500.00,0,Approved
27/06/2024 15:41,Hso 78,Till 1,Lekki 1,In,42000.00,9160500.00,0,Approved
27/06/2024 15:41,Hso 78,Till 1,Lekki 1,In,84000.00,9118500.00,0,Approved
27/06/2024 15:41,Hso 78,Till 1,Lekki 1,In,42000.00,9034500.00,0,Approved
27/06/2024 15:40,Hso 78,Till 1,Lekki 1,In,42000.00,8992500.00,0,Approved
27/06/2024 15:38,Hso 78,Till 1,Lekki 1,In,42000.00,8950500.00,0,Approved
27/06/2024 14:36,Hso 78,Till 1,Lekki 1,In,84000.00,8908500.00,0,Approved
27/06/2024 14:36,Hso 78,Till 1,Lekki 1,In,42000.00,8824500.00,0,Approved
27/06/2024 14:35,Hso 78,Till 1,Lekki 1,In,82500.00,8782500.00,0,Approved
27/06/2024 14:35,Hso 78,Till 1,Lekki 1,In,42000.00,8700000.00,0,Approved
27/06/2024 14:35,Hso 78,Till 1,Lekki 1,In,42000.00,8658000.00,0,Approved
27/06/2024 14:34,Hso 78,Till 1,Lekki 1,In,42000.00,8616000.00,0,Approved
14/11/2023 11:27,,Till 1,Lekki 1,In,1000.00,8574000.00,0,Approved
03/07/2023 20:44,Discount Test Device,Till 1,Lekki 1,In,810000.00,8573000.00,0,Approved
09/06/2023 10:56,Discount Test Device,Till 1,Lekki 1,In,342000.00,7763000.00,0,Approved
09/06/2023 09:55,Discount Test Device,Till 1,Lekki 1,In,126000.00,7421000.00,0,Approved
09/06/2023 09:47,Discount Test Device,Till 1,Lekki 1,In,42000.00,7295000.00,0,Approved
09/06/2023 09:46,Discount Test Device,Till 1,Lekki 1,In,42000.00,7253000.00,0,Approved
09/06/2023 09:45,Discount Test Device,Till 1,Lekki 1,In,42000.00,7211000.00,0,Approved
09/06/2023 09:43,Discount Test Device,Till 1,Lekki 1,In,84000.00,7169000.00,0,Approved
09/06/2023 09:43,Discount Test Device,Till 1,Lekki 1,In,42000.00,7085000.00,0,Approved
09/06/2023 09:42,Discount Test Device,Till 1,Lekki 1,In,42000.00,7043000.00,0,Approved
09/06/2023 09:40,Discount Test Device,Till 1,Lekki 1,In,42000.00,7001000.00,0,Approved
09/06/2023 09:39,Discount Test Device,Till 1,Lekki 1,In,42000.00,6959000.00,0,Approved
09/06/2023 09:39,Discount Test Device,Till 1,Lekki 1,In,42000.00,6917000.00,0,Approved
09/06/2023 08:41,Discount Test Device,Till 1,Lekki 1,In,84000.00,6875000.00,0,Approved
09/06/2023 08:40,Discount Test Device,Till 1,Lekki 1,In,42000.00,6791000.00,0,Approved
09/06/2023 08:38,Discount Test Device,Till 1,Lekki 1,In,42000.00,6749000.00,0,Approved
09/06/2023 08:38,Discount Test Device,Till 1,Lekki 1,In,126000.00,6707000.00,0,Approved
09/06/2023 08:33,Discount Test Device,Till 1,Lekki 1,In,42000.00,6581000.00,0,Approved
09/06/2023 08:31,Discount Test Device,Till 1,Lekki 1,In,42000.00,6539000.00,0,Approved
09/06/2023 08:30,Discount Test Device,Till 1,Lekki 1,In,42000.00,6497000.00,0,Approved
09/06/2023 08:29,Discount Test Device,Till 1,Lekki 1,In,126000.00,6455000.00,0,Approved
09/06/2023 08:25,Discount Test Device,Till 1,Lekki 1,In,42000.00,6329000.00,0,Approved
09/06/2023 08:21,Discount Test Device,Till 1,Lekki 1,In,84000.00,6287000.00,0,Approved
09/06/2023 08:19,Discount Test Device,Till 1,Lekki 1,In,135000.00,6203000.00,0,Approved
06/06/2023 12:42,Discount Test Device,Till 1,Lekki 1,In,135000.00,6068000.00,0,Approved
06/06/2023 07:34,Discount Test Device,Till 1,Lekki 1,In,42000.00,5933000.00,0,Approved
06/06/2023 07:30,Discount Test Device,Till 1,Lekki 1,In,217500.00,5891000.00,0,Approved
07/04/2023 15:04,Discount Test Device,Till 1,Lekki 1,In,82500.00,5673500.00,0,Approved
22/03/2023 10:48,Discount Test Device,Till 1,Lekki 1,In,135000.00,5591000.00,0,Approved
14/03/2023 11:49,Discount Test Device,Till 1,Lekki 1,In,135000.00,5456000.00,0,Approved
14/03/2023 11:38,Discount Test Device,Till 1,Lekki 1,In,217500.00,5321000.00,0,Approved
14/03/2023 10:50,Discount Test Device,Till 1,Lekki 1,In,100000.00,5103500.00,0,Approved
14/03/2023 10:48,Discount Test Device,Till 1,Lekki 1,In,135000.00,5003500.00,0,Approved
14/03/2023 10:26,Discount Test Device,Till 1,Lekki 1,In,82500.00,4868500.00,0,Approved
07/03/2023 11:11,Discount Test Device,Till 1,Lekki 1,In,664500.00,4786000.00,0,Approved
06/03/2023 11:37,Discount Test Device,Till 1,Lekki 1,In,20000.00,4121500.00,0,Approved
14/02/2023 14:26,Discount Test Device,Till 1,Lekki 1,In,394500.00,4101500.00,0,Approved
11/02/2023 14:22,Discount Test Device,Till 1,Lekki 1,In,42000.00,3707000.00,0,Approved
11/02/2023 14:22,Discount Test Device,Till 1,Lekki 1,In,208500.00,3665000.00,0,Approved
11/02/2023 14:22,Discount Test Device,Till 1,Lekki 1,In,135000.00,3456500.00,0,Approved
11/02/2023 14:22,Discount Test Device,Till 1,Lekki 1,In,82500.00,3321500.00,0,Approved
11/02/2023 14:22,Discount Test Device,Till 1,Lekki 1,In,42000.00,3239000.00,0,Approved
11/02/2023 14:12,Discount Test Device,Till 1,Lekki 1,In,82500.00,3197000.00,0,Approved
11/02/2023 14:12,Discount Test Device,Till 1,Lekki 1,In,126000.00,3114500.00,0,Approved
11/02/2023 14:10,Discount Test Device,Till 1,Lekki 1,In,84000.00,2988500.00,0,Approved
11/02/2023 14:06,Discount Test Device,Till 1,Lekki 1,In,207000.00,2904500.00,0,Approved
11/02/2023 14:05,Discount Test Device,Till 1,Lekki 1,In,84000.00,2697500.00,0,Approved
11/02/2023 14:05,Discount Test Device,Till 1,Lekki 1,In,42000.00,2613500.00,0,Approved
11/02/2023 13:58,Discount Test Device,Till 1,Lekki 1,In,126000.00,2571500.00,0,Approved
11/02/2023 13:58,Discount Test Device,Till 1,Lekki 1,In,82500.00,2445500.00,0,Approved
11/02/2023 13:58,Discount Test Device,Till 1,Lekki 1,In,84000.00,2363000.00,0,Approved
11/02/2023 13:57,Discount Test Device,Till 1,Lekki 1,In,135000.00,2279000.00,0,Approved
10/02/2023 17:12,Discount Test Device,Till 1,Lekki 1,In,84000.00,2144000.00,0,Approved
10/02/2023 16:00,Discount Test Device,Till 1,Lekki 1,In,100.00,2060000.00,0,Approved
10/02/2023 15:59,Discount Test Device,Till 1,Lekki 1,In,1500.00,2059900.00,0,Approved
10/02/2023 15:44,Discount Test Device,Till 1,Lekki 1,In,42000.00,2058400.00,0,Approved
10/02/2023 15:42,Discount Test Device,Till 1,Lekki 1,In,343500.00,2016400.00,0,Approved
10/02/2023 15:39,Discount Test Device,Till 1,Lekki 1,In,42000.00,1672900.00,0,Approved
10/02/2023 15:39,Discount Test Device,Till 1,Lekki 1,In,135000.00,1630900.00,0,Approved
10/02/2023 15:38,Discount Test Device,Till 1,Lekki 1,In,84000.00,1495900.00,0,Approved
10/02/2023 15:32,Discount Test Device,Till 1,Lekki 1,In,643500.00,1411900.00,0,Approved
10/02/2023 15:24,Discount Test Device,Till 1,Lekki 1,In,247500.00,768400.00,0,Approved
10/02/2023 15:24,Discount Test Device,Till 1,Lekki 1,In,165000.00,520900.00,0,Approved
10/02/2023 15:11,Discount Test Device,Till 1,Lekki 1,In,135000.00,355900.00,0,Approved
08/02/2023 09:11,Discount Test Device,Till 1,Lekki 1,In,1400.00,220900.00,0,Approved
08/02/2023 09:10,Discount Test Device,Till 1,Lekki 1,In,1000.00,219500.00,0,Approved
08/02/2023 08:18,Discount Test Device,Till 1,Lekki 1,In,1600.00,218500.00,0,Approved
08/02/2023 08:10,Discount Test Device,Till 1,Lekki 1,In,100.00,216900.00,0,Approved
31/01/2023 21:53,Discount Test Device,Till 1,Lekki 1,In,3000.00,216800.00,0,Approved
31/01/2023 21:53,Discount Test Device,Till 1,Lekki 1,In,2600.00,213800.00,0,Approved
31/01/2023 21:50,Discount Test Device,Till 1,Lekki 1,In,1500.00,211200.00,0,Approved
31/01/2023 21:50,Discount Test Device,Till 1,Lekki 1,In,3500.00,209700.00,0,Approved
31/01/2023 20:48,Discount Test Device,Till 1,Lekki 1,In,100.00,206200.00,0,Approved
31/01/2023 20:41,Discount Test Device,Till 1,Lekki 1,In,25000.00,206100.00,0,Approved
31/01/2023 20:38,Discount Test Device,Till 1,Lekki 1,In,200.00,181100.00,0,Approved
31/01/2023 20:26,Discount Test Device,Till 1,Lekki 1,In,200.00,180900.00,0,Approved
30/01/2023 13:21,Discount Test Device,Till 1,Lekki 1,In,200.00,180700.00,0,Approved
26/01/2023 15:40,Discount Test Device,Till 1,Lekki 1,In,25000.00,180500.00,0,Approved
26/01/2023 14:50,Discount Test Device,Till 1,Lekki 1,In,200.00,155500.00,0,Approved
26/01/2023 14:32,Discount Test Device,Till 1,Lekki 1,In,400.00,154900.00,0,Approved
26/01/2023 14:32,Discount Test Device,Till 1,Lekki 1,In,400.00,155300.00,0,Approved
26/01/2023 14:23,Discount Test Device,Till 1,Lekki 1,In,200.00,154500.00,0,Approved
26/01/2023 13:22,Discount Test Device,Till 1,Lekki 1,In,200.00,154300.00,0,Approved
26/01/2023 13:16,Discount Test Device,Till 1,Lekki 1,In,400.00,154100.00,0,Approved
26/01/2023 11:03,Discount Test Device,Till 1,Lekki 1,In,400.00,153700.00,0,Approved
26/01/2023 10:48,Discount Test Device,Till 1,Lekki 1,In,200.00,153300.00,0,Approved
26/01/2023 10:26,Discount Test Device,Till 1,Lekki 1,In,200.00,153100.00,0,Approved
25/01/2023 21:35,Discount Test Device,Till 1,Lekki 1,In,100.00,152900.00,0,Approved
25/01/2023 20:36,Discount Test Device,Till 1,Lekki 1,In,350.00,152800.00,0,Approved
25/01/2023 20:34,Discount Test Device,Till 1,Lekki 1,In,6500.00,152450.00,0,Approved
25/01/2023 20:33,Discount Test Device,Till 1,Lekki 1,In,3650.00,145950.00,0,Approved
25/01/2023 20:30,Discount Test Device,Till 1,Lekki 1,In,800.00,142300.00,0,Approved
25/01/2023 16:04,Discount Test Device,Till 1,Lekki 1,In,25000.00,141500.00,0,Approved
25/01/2023 13:59,Discount Test Device,Till 1,Lekki 1,In,850.00,114800.00,0,Approved
25/01/2023 13:59,Discount Test Device,Till 1,Lekki 1,In,850.00,115650.00,0,Approved
25/01/2023 13:59,Discount Test Device,Till 1,Lekki 1,In,850.00,116500.00,0,Approved
25/01/2023 11:57,Discount Test Device,Till 1,Lekki 1,In,150.00,113950.00,0,Approved
24/01/2023 22:14,Discount Test Device,Till 1,Lekki 1,In,800.00,113800.00,0,Approved
24/01/2023 22:12,Discount Test Device,Till 1,Lekki 1,In,200.00,113000.00,0,Approved
24/01/2023 22:12,Discount Test Device,Till 1,Lekki 1,In,25000.00,112800.00,0,Approved
24/01/2023 21:14,Discount Test Device,Till 1,Lekki 1,In,1500.00,86300.00,0,Approved
24/01/2023 21:14,Discount Test Device,Till 1,Lekki 1,In,1500.00,87800.00,0,Approved
24/01/2023 19:42,Discount Test Device,Till 1,Lekki 1,In,200.00,84600.00,0,Approved
24/01/2023 19:42,Discount Test Device,Till 1,Lekki 1,In,200.00,84800.00,0,Approved
24/01/2023 19:34,Discount Test Device,Till 1,Lekki 1,In,400.00,84400.00,0,Approved
24/01/2023 19:32,Discount Test Device,Till 1,Lekki 1,In,200.00,83800.00,0,Approved
24/01/2023 19:32,Discount Test Device,Till 1,Lekki 1,In,200.00,84000.00,0,Approved
24/01/2023 16:05,Discount Test Device,Till 1,Lekki 1,In,200.00,83600.00,0,Approved
24/01/2023 16:04,Discount Test Device,Till 1,Lekki 1,In,200.00,83400.00,0,Approved
24/01/2023 16:04,Discount Test Device,Till 1,Lekki 1,In,1500.00,83200.00,0,Approved
24/01/2023 16:04,Discount Test Device,Till 1,Lekki 1,In,25000.00,81700.00,0,Approved
10/10/2022 17:31,Discount Test Device,Till 1,Lekki 1,In,650.00,56700.00,0,Approved
10/10/2022 17:15,Discount Test Device,Till 1,Lekki 1,In,550.00,56050.00,0,Approved
10/10/2022 06:21,Discount Test Device,Till 1,Lekki 1,In,12000.00,55500.00,0,Approved
10/10/2022 06:13,Discount Test Device,Till 1,Lekki 1,In,22500.00,43500.00,0,Approved
03/05/2022 08:30,,Till 1,Lekki 1,In,1000.00,21000.00,0,Approved
27/04/2022 15:22,,Till 1,Lekki 1,In,1000.00,20000.00,0,Approved
27/04/2022 15:22,,Till 1,Lekki 1,In,10000.00,19000.00,0,Approved
27/04/2022 15:14,,Till 1,Lekki 1,Out,1000.00,9000.00,0,Approved
27/04/2022 15:12,,Till 1,Lekki 1,In,10000.00,10000.00,0,Approved
26/04/2022 12:40,,Till 1,Lekki 1,Out,303000.00,0.00,0,Approved
26/04/2022 12:39,,Till 1,Lekki 1,Out,20000.00,303000.00,0,Discarded
26/04/2022 12:32,,Till 1,Lekki 1,In,1000.00,303000.00,0,Approved
26/04/2022 12:31,,Till 1,Lekki 1,In,2000.00,302000.00,0,Approved
26/04/2022 12:31,,Till 1,Lekki 1,In,200000.00,300000.00,0,Approved
26/04/2022 12:19,,Till 1,Lekki 1,In,100000.00,100000.00,0,Approved
26/04/2022 12:10,,Till 1,Lekki 1,In,11000.00,0.00,0,Approved
26/04/2022 12:09,,Till 1,Lekki 1,In,11000.00,-11000.00,0,Discarded
26/04/2022 11:49,,Till 1,Lekki 1,Out,5699862.00,-11000.00,0,Approved
26/04/2022 11:48,,Till 1,Lekki 1,Out,11000.00,5688862.00,0,Approved
26/04/2022 11:47,,Till 1,Lekki 1,Out,10000.00,5699862.00,0,Denied
26/04/2022 11:38,,Till 1,Lekki 1,In,1000000.00,5699862.00,0,Approved
26/04/2022 11:37,,Till 1,,,2000000.00,4699862.00,0,Approved
26/04/2022 11:04,,Till 1,Lekki 1,In,1000000.00,4699862.00,0,Approved
25/04/2022 14:17,Discount Test Device,Till 1,Lekki 1,In,63850.00,3699862.00,0,Approved
25/04/2022 14:17,Discount Test Device,Till 1,Lekki 1,In,71700.00,3636012.00,0,Approved
25/04/2022 14:17,Discount Test Device,Till 1,Lekki 1,In,1064550.00,3564312.00,0,Approved
25/04/2022 14:17,Discount Test Device,Till 1,Lekki 1,In,211500.00,2499762.00,0,Approved
25/04/2022 14:17,Discount Test Device,Till 1,Lekki 1,In,95375.00,2288262.00,0,Approved
25/04/2022 08:23,Discount Test Device,Till 1,Lekki 1,In,330375.00,2192887.00,0,Approved
22/04/2022 10:06,Discount Test Device,Till 1,Lekki 1,In,183600.00,1862512.00,0,Approved
22/04/2022 10:03,Discount Test Device,Till 1,Lekki 1,In,103700.00,1678912.00,0,Approved
22/04/2022 10:02,Discount Test Device,Till 1,Lekki 1,In,600.00,1575212.00,0,Approved
22/04/2022 10:01,Discount Test Device,Till 1,Lekki 1,In,675.00,1574612.00,0,Approved
12/04/2022 12:25,Discount Test Device,Till 1,Lekki 1,In,13500.00,1573937.00,0,Approved
12/04/2022 12:25,Discount Test Device,Till 1,Lekki 1,In,4500.00,1560437.00,0,Approved
12/04/2022 12:25,Discount Test Device,Till 1,Lekki 1,In,1000.00,1555937.00,0,Approved
12/04/2022 12:23,Discount Test Device,Till 1,Lekki 1,In,7000.00,1554937.00,0,Approved
12/04/2022 12:22,Discount Test Device,Till 1,Lekki 1,In,7000.00,1547937.00,0,Approved
12/04/2022 12:22,Discount Test Device,Till 1,Lekki 1,In,600.00,1540937.00,0,Approved
12/04/2022 11:37,Discount Test Device,Till 1,Lekki 1,In,3500.00,1540337.00,0,Approved
12/04/2022 11:27,Discount Test Device,Till 1,Lekki 1,In,3500.00,1536837.00,0,Approved
12/04/2022 11:27,Discount Test Device,Till 1,Lekki 1,In,4500.00,1533337.00,0,Approved
12/04/2022 11:26,Discount Test Device,Till 1,Lekki 1,In,600.00,1528837.00,0,Approved
12/04/2022 11:26,Discount Test Device,Till 1,Lekki 1,In,400.00,1528237.00,0,Approved
12/04/2022 11:23,Discount Test Device,Till 1,Lekki 1,In,225.00,1527837.00,0,Approved
12/04/2022 11:23,Discount Test Device,Till 1,Lekki 1,In,225.00,1527612.00,0,Approved
12/04/2022 11:23,Discount Test Device,Till 1,Lekki 1,In,3500.00,1527387.00,0,Approved
12/04/2022 11:22,Discount Test Device,Till 1,Lekki 1,In,3500.00,1523887.00,0,Approved
12/04/2022 11:22,Discount Test Device,Till 1,Lekki 1,In,6000.00,1520387.00,0,Approved
12/04/2022 11:20,Discount Test Device,Till 1,Lekki 1,In,3500.00,1514387.00,0,Approved
12/04/2022 11:19,Discount Test Device,Till 1,Lekki 1,In,4500.00,1510887.00,0,Approved
12/04/2022 11:19,Discount Test Device,Till 1,Lekki 1,In,4500.00,1506387.00,0,Approved
12/04/2022 11:19,Discount Test Device,Till 1,Lekki 1,In,4500.00,1501887.00,0,Approved
12/04/2022 11:17,Discount Test Device,Till 1,Lekki 1,In,4500.00,1497387.00,0,Approved
12/04/2022 11:16,Discount Test Device,Till 1,Lekki 1,In,3500.00,1492887.00,0,Approved
12/04/2022 11:16,Discount Test Device,Till 1,Lekki 1,In,4500.00,1489387.00,0,Approved
12/04/2022 11:16,Discount Test Device,Till 1,Lekki 1,In,4500.00,1484887.00,0,Approved
12/04/2022 11:16,Discount Test Device,Till 1,Lekki 1,In,3500.00,1480387.00,0,Approved
12/04/2022 11:15,Discount Test Device,Till 1,Lekki 1,In,225.00,1476887.00,0,Approved
12/04/2022 11:15,Discount Test Device,Till 1,Lekki 1,In,3725.00,1476662.00,0,Approved
12/04/2022 11:15,Discount Test Device,Till 1,Lekki 1,In,225.00,1472937.00,0,Approved
12/04/2022 11:14,Discount Test Device,Till 1,Lekki 1,In,200.00,1472712.00,0,Approved
12/04/2022 11:14,Discount Test Device,Till 1,Lekki 1,In,200.00,1472512.00,0,Approved
12/04/2022 11:13,Discount Test Device,Till 1,Lekki 1,In,225.00,1472312.00,0,Approved
12/04/2022 11:13,Discount Test Device,Till 1,Lekki 1,In,225.00,1472087.00,0,Approved
12/04/2022 11:12,Discount Test Device,Till 1,Lekki 1,In,9000.00,1471862.00,0,Approved
06/04/2022 07:59,Discount Test Device,Till 1,Lekki 1,In,225.00,1462862.00,0,Approved
05/04/2022 20:15,Discount Test Device,Till 1,Lekki 1,In,1800.00,1462637.00,0,Approved
05/04/2022 20:12,Discount Test Device,Till 1,Lekki 1,In,225.00,1460837.00,0,Approved
05/04/2022 09:53,Discount Test Device,Till 1,Lekki 1,In,4000.00,1460612.00,0,Approved
04/04/2022 09:47,Discount Test Device,Till 1,Lekki 1,In,225.00,1456612.00,0,Approved
04/04/2022 08:16,Discount Test Device,Till 1,Lekki 1,In,225.00,1456387.00,0,Approved
04/04/2022 07:53,Discount Test Device,Till 1,Lekki 1,In,2000.00,1455162.00,0,Approved
04/04/2022 07:53,Discount Test Device,Till 1,Lekki 1,In,1000.00,1456162.00,0,Approved
04/04/2022 07:53,Discount Test Device,Till 1,Lekki 1,In,3000.00,1453162.00,0,Approved
04/04/2022 07:52,Discount Test Device,Till 1,Lekki 1,In,2000.00,1450162.00,0,Approved
04/04/2022 07:51,Discount Test Device,Till 1,Lekki 1,In,2400.00,1448162.00,0,Approved
04/04/2022 07:49,Discount Test Device,Till 1,Lekki 1,In,7600.00,1445762.00,0,Approved
04/04/2022 07:47,Discount Test Device,Till 1,Lekki 1,In,2400.00,1438162.00,0,Approved
04/04/2022 07:28,Discount Test Device,Till 1,Lekki 1,In,675.00,1435762.00,0,Approved
04/04/2022 07:24,Discount Test Device,Till 1,Lekki 1,In,450.00,1435087.00,0,Approved
04/04/2022 07:22,Discount Test Device,Till 1,Lekki 1,In,225.00,1434637.00,0,Approved
30/03/2022 09:35,Discount Test Device,Till 1,Lekki 1,In,1300.00,1434412.00,0,Approved
30/03/2022 09:20,Discount Test Device,Till 1,Lekki 1,In,3250.00,1433112.00,0,Approved
29/03/2022 08:14,Discount Test Device,Till 1,Lekki 1,In,875.00,1429862.00,0,Approved
28/03/2022 08:11,Discount Test Device,Till 1,Lekki 1,In,1575.00,1428987.00,0,Approved
28/03/2022 08:04,Discount Test Device,Till 1,Lekki 1,In,450.00,1427412.00,0,Approved
28/03/2022 08:03,Discount Test Device,Till 1,Lekki 1,In,225.00,1426962.00,0,Approved
24/03/2022 10:07,Discount Test Device,Till 1,Lekki 1,In,225.00,1426737.00,0,Approved
24/03/2022 10:02,Discount Test Device,Till 1,Lekki 1,In,4225.00,1426512.00,0,Approved
24/03/2022 09:18,Discount Test Device,Till 1,Lekki 1,In,450.00,1422287.00,0,Approved
24/03/2022 09:11,Discount Test Device,Till 1,Lekki 1,In,2700.00,1421837.00,0,Approved
24/03/2022 09:01,Discount Test Device,Till 1,Lekki 1,In,200.00,1419137.00,0,Approved
24/03/2022 08:57,Discount Test Device,Till 1,Lekki 1,In,725.00,1418937.00,0,Approved
24/03/2022 08:49,Discount Test Device,Till 1,Lekki 1,In,1500.00,1418212.00,0,Approved
24/03/2022 08:43,Discount Test Device,Till 1,Lekki 1,In,300.00,1416712.00,0,Approved
24/03/2022 08:40,Discount Test Device,Till 1,Lekki 1,In,4925.00,1416412.00,0,Approved
24/03/2022 08:31,Discount Test Device,Till 1,Lekki 1,In,500.00,1411487.00,0,Approved
24/03/2022 08:29,Discount Test Device,Till 1,Lekki 1,In,200.00,1410987.00,0,Approved
24/03/2022 08:28,Discount Test Device,Till 1,Lekki 1,In,225.00,1410787.00,0,Approved
24/03/2022 04:39,Discount Test Device,Till 1,Lekki 1,In,3500.00,1410562.00,0,Approved
24/03/2022 04:37,Discount Test Device,Till 1,Lekki 1,In,225.00,1407062.00,0,Approved
24/03/2022 04:36,Discount Test Device,Till 1,Lekki 1,In,100.00,1406712.00,0,Approved
24/03/2022 04:36,Discount Test Device,Till 1,Lekki 1,In,100.00,1406812.00,0,Approved
24/03/2022 04:36,Discount Test Device,Till 1,Lekki 1,In,25.00,1406837.00,0,Approved
21/03/2022 13:38,Discount Test Device,Till 1,Lekki 1,In,1000.00,1406612.00,0,Approved
21/03/2022 13:07,Discount Test Device,Till 1,Lekki 1,In,4225.00,1405612.00,0,Approved
21/03/2022 13:06,Discount Test Device,Till 1,Lekki 1,In,800.00,1401387.00,0,Approved
21/03/2022 13:03,Discount Test Device,Till 1,Lekki 1,In,1600.00,1400587.00,0,Approved
21/03/2022 13:01,Discount Test Device,Till 1,Lekki 1,In,1200.00,1398987.00,0,Approved
21/03/2022 13:01,Discount Test Device,Till 1,Lekki 1,In,1500.00,1397787.00,0,Approved
21/03/2022 12:59,Discount Test Device,Till 1,Lekki 1,In,1500.00,1396287.00,0,Approved
21/03/2022 12:52,Discount Test Device,Till 1,Lekki 1,In,4000.00,1394787.00,0,Approved
21/03/2022 04:16,Discount Test Device,Till 1,Lekki 1,In,500.00,1390787.00,0,Approved
18/03/2022 09:08,Discount Test Device,Till 1,Lekki 1,In,3500.00,1390287.00,0,Approved
18/03/2022 09:08,Discount Test Device,Till 1,Lekki 1,In,10500.00,1386787.00,0,Approved
18/03/2022 09:03,Discount Test Device,Till 1,Lekki 1,In,6000.00,1376287.00,0,Approved
18/03/2022 08:56,Discount Test Device,Till 1,Lekki 1,In,1000.00,1370287.00,0,Approved
18/03/2022 08:55,Discount Test Device,Till 1,Lekki 1,In,2000.00,1369287.00,0,Approved
18/03/2022 08:53,Discount Test Device,Till 1,Lekki 1,In,3900.00,1367287.00,0,Approved
18/03/2022 08:51,Discount Test Device,Till 1,Lekki 1,In,2950.00,1363387.00,0,Approved
18/03/2022 08:43,Discount Test Device,Till 1,Lekki 1,In,1000.00,1360437.00,0,Approved
17/03/2022 12:05,Discount Test Device,Till 1,Lekki 1,In,3700.00,1359437.00,0,Approved
17/03/2022 11:59,Discount Test Device,Till 1,Lekki 1,In,425.00,1355737.00,0,Approved
17/03/2022 11:59,Discount Test Device,Till 1,Lekki 1,In,225.00,1355312.00,0,Approved
17/03/2022 11:58,Discount Test Device,Till 1,Lekki 1,In,225.00,1355087.00,0,Approved
08/03/2022 16:31,Discount Test Device,Till 1,Lekki 1,In,5400.00,1354862.00,0,Approved
08/03/2022 16:29,Discount Test Device,Till 1,Lekki 1,In,13100.00,1349462.00,0,Approved
08/03/2022 16:26,Discount Test Device,Till 1,Lekki 1,In,11700.00,1336362.00,0,Approved
08/03/2022 12:59,Discount Test Device,Till 1,Lekki 1,In,675.00,1324662.00,0,Approved
08/03/2022 12:37,Discount Test Device,Till 1,Lekki 1,In,450.00,1323987.00,0,Approved
08/03/2022 12:33,Discount Test Device,Till 1,Lekki 1,In,225.00,1323537.00,0,Approved
08/03/2022 12:26,Discount Test Device,Till 1,Lekki 1,In,225.00,1323312.00,0,Approved
08/03/2022 12:12,Discount Test Device,Till 1,Lekki 1,In,3500.00,1323087.00,0,Approved
08/03/2022 11:59,Discount Test Device,Till 1,Lekki 1,In,450.00,1319587.00,0,Approved
08/03/2022 11:52,Discount Test Device,Till 1,Lekki 1,In,7000.00,1319137.00,0,Approved
08/03/2022 11:17,Discount Test Device,Till 1,Lekki 1,In,7000.00,1312137.00,0,Approved
08/03/2022 10:02,Discount Test Device,Till 1,Lekki 1,In,26300.00,1305137.00,0,Approved
08/03/2022 10:02,Discount Test Device,Till 1,Lekki 1,In,14000.00,1278837.00,0,Approved
08/03/2022 10:02,Discount Test Device,Till 1,Lekki 1,In,7500.00,1264837.00,0,Approved
08/03/2022 10:02,Discount Test Device,Till 1,Lekki 1,In,1700.00,1255537.00,0,Approved
08/03/2022 10:02,Discount Test Device,Till 1,Lekki 1,In,1800.00,1257337.00,0,Approved
08/03/2022 10:02,Discount Test Device,Till 1,Lekki 1,In,225.00,1253837.00,0,Approved
08/03/2022 10:02,Discount Test Device,Till 1,Lekki 1,In,3725.00,1253612.00,0,Approved
08/03/2022 10:01,Discount Test Device,Till 1,Lekki 1,In,17400.00,1249887.00,0,Approved
08/03/2022 10:01,Discount Test Device,Till 1,Lekki 1,In,700.00,1232487.00,0,Approved
08/03/2022 10:01,Discount Test Device,Till 1,Lekki 1,In,25500.00,1231787.00,0,Approved
08/03/2022 09:50,Discount Test Device,Till 1,Lekki 1,In,225.00,1197287.00,0,Approved
08/03/2022 09:50,Discount Test Device,Till 1,Lekki 1,In,9000.00,1206287.00,0,Approved
08/03/2022 09:49,Discount Test Device,Till 1,Lekki 1,In,8400.00,1197062.00,0,Approved
08/03/2022 09:40,Discount Test Device,Till 1,Lekki 1,In,1000.00,1188662.00,0,Approved
08/03/2022 09:26,Discount Test Device,Till 1,Lekki 1,In,1350.00,1187662.00,0,Approved
08/03/2022 09:23,Discount Test Device,Till 1,Lekki 1,In,1600.00,1186312.00,0,Approved
08/03/2022 09:21,Discount Test Device,Till 1,Lekki 1,In,10500.00,1184712.00,0,Approved
08/03/2022 09:21,Discount Test Device,Till 1,Lekki 1,In,7000.00,1174212.00,0,Approved
08/03/2022 09:21,Discount Test Device,Till 1,Lekki 1,In,1200.00,1167212.00,0,Approved
08/03/2022 09:21,Discount Test Device,Till 1,Lekki 1,In,800.00,1166012.00,0,Approved
08/03/2022 08:49,Discount Test Device,Till 1,Lekki 1,In,500.00,1165212.00,0,Approved
08/03/2022 08:42,Discount Test Device,Till 1,Lekki 1,In,500.00,1164712.00,0,Approved
08/03/2022 08:41,Discount Test Device,Till 1,Lekki 1,In,4000.00,1164212.00,0,Approved
07/03/2022 11:04,Discount Test Device,Till 1,Lekki 1,In,1200.00,1160212.00,0,Approved
07/03/2022 11:02,Discount Test Device,Till 1,Lekki 1,In,200.00,1159012.00,0,Approved
07/03/2022 10:27,Discount Test Device,Till 1,Lekki 1,In,225.00,1158812.00,0,Approved
07/03/2022 10:27,Discount Test Device,Till 1,Lekki 1,In,225.00,1158362.00,0,Approved
07/03/2022 10:27,Discount Test Device,Till 1,Lekki 1,In,225.00,1158587.00,0,Approved
07/03/2022 09:53,Discount Test Device,Till 1,Lekki 1,In,225.00,1158137.00,0,Approved
07/03/2022 09:53,Discount Test Device,Till 1,Lekki 1,In,225.00,1157687.00,0,Approved
07/03/2022 09:53,Discount Test Device,Till 1,Lekki 1,In,225.00,1157912.00,0,Approved
07/03/2022 09:51,Discount Test Device,Till 1,Lekki 1,In,11400.00,1157462.00,0,Approved
07/03/2022 09:51,Discount Test Device,Till 1,Lekki 1,In,11400.00,1146062.00,0,Approved
07/03/2022 09:51,Discount Test Device,Till 1,Lekki 1,In,11400.00,1134662.00,0,Approved
07/03/2022 09:42,Discount Test Device,Till 1,Lekki 1,In,12500.00,1123262.00,0,Approved
07/03/2022 09:40,Discount Test Device,Till 1,Lekki 1,In,4950.00,1110762.00,0,Approved
01/03/2022 17:23,Discount Test Device,Till 1,Lekki 1,In,3500.00,1105812.00,0,Approved
01/03/2022 17:22,Discount Test Device,Till 1,Lekki 1,In,3500.00,1102312.00,0,Approved
24/02/2022 11:02,Discount Test Device,Till 1,Lekki 1,In,500.00,1098812.00,0,Approved
24/02/2022 10:40,Discount Test Device,Till 1,Lekki 1,In,4000.00,1098312.00,0,Approved
24/02/2022 10:38,Discount Test Device,Till 1,Lekki 1,In,3500.00,1090812.00,0,Approved
24/02/2022 10:38,Discount Test Device,Till 1,Lekki 1,In,3500.00,1094312.00,0,Approved
24/02/2022 10:35,Discount Test Device,Till 1,Lekki 1,In,4500.00,1087312.00,0,Approved
24/02/2022 09:23,Discount Test Device,Till 1,Lekki 1,In,4000.00,1082812.00,0,Approved
24/02/2022 09:06,Discount Test Device,Till 1,Lekki 1,In,225.00,1078587.00,0,Approved
24/02/2022 09:06,Discount Test Device,Till 1,Lekki 1,In,225.00,1078812.00,0,Approved
24/02/2022 09:03,Discount Test Device,Till 1,Lekki 1,In,1475.00,1078362.00,0,Approved
23/02/2022 11:21,Discount Test Device,Till 1,Lekki 1,In,1125.00,1076887.00,0,Approved
23/02/2022 10:26,Discount Test Device,Till 1,Lekki 1,In,3500.00,1075762.00,0,Approved
23/02/2022 08:55,Discount Test Device,Till 1,Lekki 1,In,225.00,1072262.00,0,Approved
22/02/2022 21:26,Discount Test Device,Till 1,Lekki 1,In,30175.00,1072037.00,0,Approved
22/02/2022 21:23,Hso 78,Till 1,Lekki 1,In,5100.00,1041862.00,0,Approved
17/02/2022 16:34,Discount Test Device,Till 1,Lekki 1,In,1200.00,1036762.00,0,Approved
17/02/2022 15:41,Discount Test Device,Till 1,Lekki 1,In,6450.00,1035562.00,0,Approved
17/02/2022 07:32,Discount Test Device,Till 1,Lekki 1,In,66500.00,1029112.00,0,Approved
17/02/2022 07:31,Discount Test Device,Till 1,Lekki 1,In,3500.00,962612.00,0,Approved
17/02/2022 07:31,Discount Test Device,Till 1,Lekki 1,In,153500.00,959112.00,0,Approved
17/02/2022 07:28,Discount Test Device,Till 1,Lekki 1,In,10500.00,805612.00,0,Approved
17/02/2022 07:23,Discount Test Device,Till 1,Lekki 1,In,8450.00,795112.00,0,Approved
17/01/2022 10:40,Discount Test Device,Till 1,Lekki 1,In,4500.00,786662.00,0,Approved
17/01/2022 10:39,Discount Test Device,Till 1,Lekki 1,In,3500.00,782162.00,0,Approved
17/01/2022 10:27,Discount Test Device,Till 1,Lekki 1,In,650.00,778662.00,0,Approved
17/01/2022 10:21,Discount Test Device,Till 1,Lekki 1,In,1350.00,778012.00,0,Approved
17/01/2022 10:19,Discount Test Device,Till 1,Lekki 1,In,1100.00,776662.00,0,Approved
17/01/2022 10:16,Discount Test Device,Till 1,Lekki 1,In,225.00,775562.00,0,Approved
17/01/2022 10:15,Discount Test Device,Till 1,Lekki 1,In,212.00,775337.00,0,Approved
05/01/2022 11:34,Discount Test Device,Till 1,Lekki 1,In,8000.00,775125.00,0,Approved
04/01/2022 10:25,Discount Test Device,Till 1,Lekki 1,In,3500.00,767125.00,0,Approved
04/01/2022 10:06,Discount Test Device,Till 1,Lekki 1,In,3500.00,763625.00,0,Approved
04/01/2022 10:05,Discount Test Device,Till 1,Lekki 1,In,225.00,760125.00,0,Approved
13/12/2021 19:16,,Till 1,,,100000.00,759900.00,0,Approved
13/12/2021 19:14,,Till 1,Lekki 1,In,10000.00,759900.00,0,Approved
13/12/2021 19:12,,Till 1,Lekki 1,Out,10000.00,749900.00,0,Approved
04/10/2021 14:20,Discount Test Device,Till 1,Lekki 1,In,225.00,759900.00,0,Approved
27/04/2021 16:42,Discount Test Device,Till 1,Lekki 1,In,700.00,759675.00,0,Approved
23/04/2021 11:36,Discount Test Device,Till 1,Lekki 1,In,3725.00,758975.00,0,Approved
22/04/2021 11:56,Discount Test Device,Till 1,Lekki 1,In,7000.00,752550.00,0,Approved
22/04/2021 11:56,Discount Test Device,Till 1,Lekki 1,In,2700.00,755250.00,0,Approved
22/04/2021 09:59,Discount Test Device,Till 1,Lekki 1,In,3700.00,745550.00,0,Approved
21/04/2021 17:08,Discount Test Device,Till 1,Lekki 1,In,200.00,741850.00,0,Approved
14/04/2021 15:47,Discount Test Device,Till 1,Lekki 1,In,4500.00,741650.00,0,Approved
14/04/2021 15:46,Discount Test Device,Till 1,Lekki 1,In,4500.00,737150.00,0,Approved
14/04/2021 11:03,Discount Test Device,Till 1,Lekki 1,In,7500.00,732650.00,0,Approved
14/04/2021 11:01,Discount Test Device,Till 1,Lekki 1,In,3500.00,725150.00,0,Approved
14/04/2021 10:58,Discount Test Device,Till 1,Lekki 1,In,200.00,721650.00,0,Approved
14/04/2021 10:57,Discount Test Device,Till 1,Lekki 1,In,200.00,721450.00,0,Approved
08/04/2021 12:09,Discount Test Device,Till 1,Lekki 1,In,3500.00,721250.00,0,Approved
08/04/2021 11:57,Discount Test Device,Till 1,Lekki 1,In,3900.00,717750.00,0,Approved
08/04/2021 11:19,Discount Test Device,Till 1,Lekki 1,In,8200.00,713850.00,0,Approved
08/04/2021 11:17,Discount Test Device,Till 1,Lekki 1,In,4000.00,705650.00,0,Approved
08/04/2021 11:09,Discount Test Device,Till 1,Lekki 1,In,14000.00,701650.00,0,Approved
08/04/2021 11:07,Discount Test Device,Till 1,Lekki 1,In,7000.00,687650.00,0,Approved
08/04/2021 11:05,Discount Test Device,Till 1,Lekki 1,In,16600.00,680650.00,0,Approved
08/04/2021 10:57,Discount Test Device,Till 1,Lekki 1,In,5000.00,664050.00,0,Approved
08/04/2021 10:55,Discount Test Device,Till 1,Lekki 1,In,18500.00,659050.00,0,Approved
08/04/2021 10:52,Discount Test Device,Till 1,Lekki 1,In,16200.00,640550.00,0,Approved
08/04/2021 10:49,Discount Test Device,Till 1,Lekki 1,In,13100.00,624350.00,0,Approved
08/04/2021 10:37,Discount Test Device,Till 1,Lekki 1,In,8500.00,611250.00,0,Approved
08/04/2021 10:33,Discount Test Device,Till 1,Lekki 1,In,21000.00,602750.00,0,Approved
08/04/2021 10:32,Discount Test Device,Till 1,Lekki 1,In,12500.00,581750.00,0,Approved
08/04/2021 10:32,Discount Test Device,Till 1,Lekki 1,In,10500.00,569250.00,0,Approved
08/04/2021 10:32,Discount Test Device,Till 1,Lekki 1,In,400.00,558750.00,0,Approved
08/04/2021 10:30,Discount Test Device,Till 1,Lekki 1,In,1125.00,558350.00,0,Approved
07/04/2021 13:26,Discount Test Device,Till 1,Lekki 1,In,200.00,557225.00,0,Approved
07/04/2021 11:50,Discount Test Device,Till 1,Lekki 1,In,9500.00,557025.00,0,Approved
07/04/2021 11:47,Discount Test Device,Till 1,Lekki 1,In,9500.00,547525.00,0,Approved
07/04/2021 11:45,Discount Test Device,Till 1,Lekki 1,In,9500.00,538025.00,0,Approved
07/04/2021 11:33,Discount Test Device,Till 1,Lekki 1,In,9500.00,528525.00,0,Approved
07/04/2021 10:35,Discount Test Device,Till 1,Lekki 1,In,9500.00,519025.00,0,Approved
07/04/2021 10:32,Discount Test Device,Till 1,Lekki 1,In,9500.00,509525.00,0,Approved
07/04/2021 10:32,Discount Test Device,Till 1,Lekki 1,In,200.00,500025.00,0,Approved
07/04/2021 10:30,Discount Test Device,Till 1,Lekki 1,In,9500.00,499825.00,0,Approved
07/04/2021 10:29,Discount Test Device,Till 1,Lekki 1,In,9500.00,490325.00,0,Approved
07/04/2021 10:29,Discount Test Device,Till 1,Lekki 1,In,9500.00,480825.00,0,Approved
07/04/2021 10:26,Discount Test Device,Till 1,Lekki 1,In,9500.00,471325.00,0,Approved
07/04/2021 10:25,Discount Test Device,Till 1,Lekki 1,In,9500.00,461825.00,0,Approved
07/04/2021 10:23,Discount Test Device,Till 1,Lekki 1,In,4100.00,452325.00,0,Approved
07/04/2021 10:21,Discount Test Device,Till 1,Lekki 1,In,14100.00,448225.00,0,Approved
07/04/2021 10:19,Discount Test Device,Till 1,Lekki 1,In,21000.00,434125.00,0,Approved
07/04/2021 10:18,Discount Test Device,Till 1,Lekki 1,In,8600.00,413125.00,0,Approved
07/04/2021 10:18,Discount Test Device,Till 1,Lekki 1,In,8200.00,404525.00,0,Approved
07/04/2021 10:17,Discount Test Device,Till 1,Lekki 1,In,3900.00,396325.00,0,Approved
07/04/2021 10:16,Discount Test Device,Till 1,Lekki 1,In,8400.00,392425.00,0,Approved
03/04/2021 06:02,Discount Test Device,Till 1,Lekki 1,In,7650.00,384025.00,0,Approved
02/04/2021 15:16,Discount Test Device,Till 1,Lekki 1,In,12500.00,376375.00,0,Approved
02/04/2021 15:12,Discount Test Device,Till 1,Lekki 1,In,3500.00,363875.00,0,Approved
02/04/2021 15:07,Discount Test Device,Till 1,Lekki 1,In,600.00,360375.00,0,Approved
02/04/2021 15:01,Discount Test Device,Till 1,Lekki 1,In,400.00,359775.00,0,Approved
01/04/2021 12:47,Discount Test Device,Till 1,Lekki 1,In,3700.00,359375.00,0,Approved
01/04/2021 12:35,Discount Test Device,Till 1,Lekki 1,In,500.00,355675.00,0,Approved
25/03/2021 11:28,Discount Test Device,Till 1,Lekki 1,In,1000.00,355175.00,0,Approved
25/03/2021 11:15,Discount Test Device,Till 1,Lekki 1,In,1000.00,352175.00,0,Approved
25/03/2021 11:15,Discount Test Device,Till 1,Lekki 1,In,1000.00,353175.00,0,Approved
25/03/2021 11:15,Discount Test Device,Till 1,Lekki 1,In,1000.00,354175.00,0,Approved
12/03/2021 12:48,Discount Test Device,Till 1,Lekki 1,In,2675.00,351175.00,0,Approved
12/03/2021 12:47,Discount Test Device,Till 1,Lekki 1,In,1025.00,348500.00,0,Approved
12/03/2021 12:45,Discount Test Device,Till 1,Lekki 1,In,14000.00,347475.00,0,Approved
12/03/2021 12:44,Discount Test Device,Till 1,Lekki 1,In,13500.00,333475.00,0,Approved
12/03/2021 12:44,Discount Test Device,Till 1,Lekki 1,In,8000.00,319975.00,0,Approved
12/03/2021 12:43,Discount Test Device,Till 1,Lekki 1,In,19500.00,311975.00,0,Approved
12/03/2021 12:42,Discount Test Device,Till 1,Lekki 1,In,35500.00,292475.00,0,Approved
12/03/2021 12:42,Discount Test Device,Till 1,Lekki 1,In,27000.00,256975.00,0,Approved
12/03/2021 10:01,Discount Test Device,Till 1,Lekki 1,In,3500.00,229975.00,0,Approved
12/03/2021 09:58,Discount Test Device,Till 1,Lekki 1,In,3500.00,226475.00,0,Approved
12/03/2021 09:56,Discount Test Device,Till 1,Lekki 1,In,3500.00,222975.00,0,Approved
12/03/2021 09:53,Discount Test Device,Till 1,Lekki 1,In,9000.00,219475.00,0,Approved
12/03/2021 09:52,Discount Test Device,Till 1,Lekki 1,In,3500.00,210475.00,0,Approved
12/03/2021 09:31,Discount Test Device,Till 1,Lekki 1,In,8000.00,206975.00,0,Approved
10/03/2021 11:09,Discount Test Device,Till 1,Lekki 1,In,8000.00,198975.00,0,Approved
10/03/2021 10:02,Discount Test Device,Till 1,Lekki 1,In,8000.00,182975.00,0,Approved
10/03/2021 10:02,Discount Test Device,Till 1,Lekki 1,In,8000.00,190975.00,0,Approved
01/03/2021 13:48,Discount Test Device,Till 1,Lekki 1,In,1000.00,174975.00,0,Approved
01/03/2021 13:48,Discount Test Device,Till 1,Lekki 1,In,1000.00,173975.00,0,Approved
01/03/2021 13:27,Discount Test Device,Till 1,Lekki 1,In,3000.00,172975.00,0,Approved
01/03/2021 12:40,Discount Test Device,Till 1,Lekki 1,In,2000.00,169975.00,0,Approved
26/02/2021 14:27,Discount Test Device,Till 1,Lekki 1,In,1000.00,167975.00,0,Approved
26/02/2021 14:19,Discount Test Device,Till 1,Lekki 1,In,10000.00,106975.00,0,Approved
26/02/2021 14:19,Discount Test Device,Till 1,Lekki 1,In,10000.00,116975.00,0,Approved
26/02/2021 14:19,Discount Test Device,Till 1,Lekki 1,In,10000.00,126975.00,0,Approved
26/02/2021 14:19,Discount Test Device,Till 1,Lekki 1,In,10000.00,136975.00,0,Approved
26/02/2021 14:19,Discount Test Device,Till 1,Lekki 1,In,10000.00,146975.00,0,Approved
26/02/2021 14:19,Discount Test Device,Till 1,Lekki 1,In,10000.00,156975.00,0,Approved
26/02/2021 14:19,Discount Test Device,Till 1,Lekki 1,In,10000.00,166975.00,0,Approved
24/02/2021 09:29,Discount Test Device,Till 1,Lekki 1,In,300.00,93975.00,0,Approved
24/02/2021 09:29,Discount Test Device,Till 1,Lekki 1,In,300.00,94275.00,0,Approved
24/02/2021 09:29,Discount Test Device,Till 1,Lekki 1,In,300.00,94575.00,0,Approved
24/02/2021 09:29,Discount Test Device,Till 1,Lekki 1,In,300.00,94875.00,0,Approved
24/02/2021 09:29,Discount Test Device,Till 1,Lekki 1,In,300.00,95175.00,0,Approved
24/02/2021 09:29,Discount Test Device,Till 1,Lekki 1,In,300.00,95475.00,0,Approved
24/02/2021 09:29,Discount Test Device,Till 1,Lekki 1,In,300.00,95775.00,0,Approved
24/02/2021 09:29,Discount Test Device,Till 1,Lekki 1,In,300.00,96075.00,0,Approved
24/02/2021 09:29,Discount Test Device,Till 1,Lekki 1,In,300.00,96375.00,0,Approved
24/02/2021 09:29,Discount Test Device,Till 1,Lekki 1,In,300.00,96675.00,0,Approved
24/02/2021 09:29,Discount Test Device,Till 1,Lekki 1,In,300.00,96975.00,0,Approved
24/02/2021 09:20,Discount Test Device,Till 1,Lekki 1,In,225.00,90750.00,0,Approved
24/02/2021 09:20,Discount Test Device,Till 1,Lekki 1,In,225.00,90975.00,0,Approved
24/02/2021 09:20,Discount Test Device,Till 1,Lekki 1,In,225.00,91200.00,0,Approved
24/02/2021 09:20,Discount Test Device,Till 1,Lekki 1,In,225.00,91425.00,0,Approved
24/02/2021 09:20,Discount Test Device,Till 1,Lekki 1,In,225.00,91650.00,0,Approved
24/02/2021 09:20,Discount Test Device,Till 1,Lekki 1,In,225.00,91875.00,0,Approved
24/02/2021 09:20,Discount Test Device,Till 1,Lekki 1,In,225.00,92100.00,0,Approved
24/02/2021 09:20,Discount Test Device,Till 1,Lekki 1,In,225.00,92325.00,0,Approved
24/02/2021 09:20,Discount Test Device,Till 1,Lekki 1,In,225.00,92550.00,0,Approved
24/02/2021 09:20,Discount Test Device,Till 1,Lekki 1,In,225.00,92775.00,0,Approved
24/02/2021 09:20,Discount Test Device,Till 1,Lekki 1,In,225.00,93000.00,0,Approved
24/02/2021 09:20,Discount Test Device,Till 1,Lekki 1,In,225.00,93225.00,0,Approved
24/02/2021 09:20,Discount Test Device,Till 1,Lekki 1,In,225.00,93450.00,0,Approved
24/02/2021 09:20,Discount Test Device,Till 1,Lekki 1,In,225.00,93675.00,0,Approved
23/02/2021 12:10,Discount Test Device,Till 1,Lekki 1,In,2000.00,90525.00,0,Approved
23/02/2021 11:59,Discount Test Device,Till 1,Lekki 1,In,13100.00,75425.00,0,Approved
23/02/2021 11:59,Discount Test Device,Till 1,Lekki 1,In,13100.00,88525.00,0,Approved
18/02/2021 12:11,Discount Test Device,Till 1,Lekki 1,In,7200.00,62325.00,0,Approved
18/02/2021 11:33,Discount Test Device,Till 1,Lekki 1,In,7200.00,55125.00,0,Approved
18/02/2021 10:37,Discount Test Device,Till 1,Lekki 1,In,3600.00,47925.00,0,Approved
18/02/2021 10:12,Discount Test Device,Till 1,Lekki 1,In,10800.00,44325.00,0,Approved
18/02/2021 09:49,Discount Test Device,Till 1,Lekki 1,In,10775.00,33525.00,0,Approved
18/02/2021 09:46,Discount Test Device,Till 1,Lekki 1,In,20850.00,22750.00,0,Approved
11/02/2021 11:34,,Till 1,Lekki 1,Out,1100.00,1900.00,0,Discarded
11/02/2021 11:25,,Till 1,Lekki 1,Out,14725.00,1900.00,0,Approved
11/02/2021 11:11,Discount Test Device,Till 1,Lekki 1,In,4000.00,16625.00,0,Approved
11/02/2021 11:11,Discount Test Device,Till 1,Lekki 1,In,8000.00,12625.00,0,Approved
11/02/2021 11:11,Discount Test Device,Till 1,Lekki 1,In,4725.00,4625.00,0,Approved
11/02/2021 10:29,,Till 1,Lekki 1,Out,100.00,-100.00,0,Approved
11/02/2021 10:27,,Till 1,Lekki 1,Out,7725.00,0.00,0,Approved
09/02/2021 12:21,Discount Test Device,Till 1,Lekki 1,In,2500.00,7725.00,0,Approved
09/02/2021 11:16,Discount Test Device,Till 1,Lekki 1,In,2000.00,3225.00,0,Approved
09/02/2021 11:16,Discount Test Device,Till 1,Lekki 1,In,2000.00,5225.00,0,Approved
09/02/2021 10:17,,Till 1,Lekki 1,Out,6000.00,1225.00,0,Approved
09/02/2021 10:15,Discount Test Device,Till 1,Lekki 1,In,7225.00,7225.00,0,Approved
